
    <record>
        <leader>00000nz  a2200169   4500</leader>
        <controlfield tag="001">30076528</controlfield>
        <controlfield tag="003">RISM</controlfield>
        <controlfield tag="005">20160216</controlfield>
        <controlfield tag="008">160216n||az|||||||##########||||||||||||</controlfield>
        <datafield tag="040" ind1=" " ind2=" ">
            <subfield code="a">ROU-MVsf</subfield>
        </datafield>
        <datafield tag="043" ind1=" " ind2=" ">
            <subfield code="c">XD-UY</subfield>
        </datafield>
        <datafield tag="110" ind1="2" ind2=" ">
            <subfield code="a">Iglesia de San Francisco de Asís, Archivo Musical</subfield>
            <subfield code="c">Montevideo</subfield>
            <subfield code="g">ROU-MVsf</subfield>
        </datafield>
        <datafield tag="622" ind1=" " ind2=" ">
            <subfield code="e">Iglesia de San Francisco de Asís,, Archivo Musical, C/ Vitoria, 59, 11900 Montevideo, Uruguay</subfield>
        </datafield>
    </record>
</collection>

